<record><leader>00000cas a2200000 a 4500</leader><controlfield tag="001">9716984</controlfield><controlfield tag="008">830719c19819999caumr ne      0   a0eng d</controlfield><datafield ind1=" " ind2=" " tag="010"><subfield code="a">sn 83002178 </subfield></datafield><datafield ind1=" " ind2=" " tag="040"><subfield code="a">NSD</subfield><subfield code="b">eng</subfield><subfield code="c">NSD</subfield><subfield code="d">CNK</subfield><subfield code="d">OCLCQ</subfield><subfield code="d">OCLCF</subfield><subfield code="d">OCLCO</subfield><subfield code="d">CNK</subfield></datafield><datafield ind1=" " ind2=" " tag="012"><subfield code="l">1</subfield></datafield><datafield ind1="1" ind2=" " tag="022"><subfield code="a">0739-2028</subfield><subfield code="l">0739-2028</subfield><subfield code="2">1</subfield></datafield><datafield ind1=" " ind2=" " tag="037"><subfield code="b">Coastal Post, P.O. Box 31, Bolinas, CA 94924</subfield></datafield><datafield ind1=" " ind2=" " tag="042"><subfield code="a">nsdp</subfield></datafield><datafield ind1=" " ind2=" " tag="043"><subfield code="a">n-us-ca</subfield></datafield><datafield ind1=" " ind2="0" tag="222"><subfield code="a">Great western pacific coastal post</subfield></datafield><datafield ind1="0" ind2="0" tag="245"><subfield code="a">Great western Pacific coastal post.</subfield></datafield><datafield ind1="3" ind2=" " tag="246"><subfield code="a">Coastal post</subfield></datafield><datafield ind1=" " ind2=" " tag="260"><subfield code="a">Bolinas, Calif. :</subfield><subfield code="b">Great Western Pacific Coastal Post</subfield></datafield><datafield ind1=" " ind2=" " tag="300"><subfield code="a">v.</subfield></datafield><datafield ind1=" " ind2=" " tag="310"><subfield code="a">Monthly,</subfield><subfield code="b">Sept. 1, 1992-</subfield></datafield><datafield ind1=" " ind2=" " tag="321"><subfield code="a">Weekly,</subfield><subfield code="b">Sept. 15, 1981-Sept. 3, 1991</subfield></datafield><datafield ind1="0" ind2=" " tag="362"><subfield code="a">Vol. 6, no. 36 (Sept. 15, 1981)-</subfield></datafield><datafield ind1=" " ind2=" " tag="515"><subfield code="a">Suspended with Sept. 3, 1991 issue; resumed with Sept. 1, 1992 issue.</subfield></datafield><datafield ind1=" " ind2=" " tag="500"><subfield code="a">The words "Great Western Pacific" appear above ornament between "Coastal" and "Post".</subfield></datafield><datafield ind1=" " ind2=" " tag="530"><subfield code="a">Master negatives are available for duplication from:</subfield><subfield code="b">California Newspaper Microfilm Archive;</subfield><subfield code="c">for further information consult the CNMA at:</subfield><subfield code="u">http://cbsr.ucr.edu.</subfield></datafield><datafield ind1=" " ind2="0" tag="651"><subfield code="a">Marin County (Calif.)</subfield><subfield code="v">Newspapers.</subfield></datafield><datafield ind1=" " ind2="7" tag="651"><subfield code="a">California</subfield><subfield code="z">Marin County.</subfield><subfield code="2">fast</subfield><subfield code="0">(OCoLC)fst01206041</subfield></datafield><datafield ind1=" " ind2="7" tag="655"><subfield code="a">Newspapers.</subfield><subfield code="2">fast</subfield><subfield code="0">(OCoLC)fst01423814</subfield></datafield><datafield ind1=" " ind2=" " tag="752"><subfield code="a">United States</subfield><subfield code="b">California</subfield><subfield code="c">Marin</subfield><subfield code="d">Bolinas.</subfield></datafield><datafield ind1="0" ind2="0" tag="780"><subfield code="t">Coastal post (Bolinas, Calif. : 1980)</subfield><subfield code="w">(DLC)sn2012271125</subfield></datafield><datafield ind1=" " ind2=" " tag="936"><subfield code="a">July 5, 1983</subfield></datafield><datafield ind1="1" ind2=" " tag="029"><subfield code="a">AU@</subfield><subfield code="b">000025808511</subfield></datafield></record>